% Encoding: UTF-8

@Article{Abbas,
	author    = {S. Abbas and M. L. Nehdi and M. A. Saleem},
	title     = {Ultra-High Performance Concrete: Mechanical Performance, Durability, Sustainability and Implementation Challenges},
	journal   = {International Journal Of Concrete Structures And Materials},
	year      = {2016},
	volume    = {10},
	number    = {3},
	pages     = {271--295},
	month     = {jun},
	doi       = {10.1007/s40069-016-0157-4},
	file      = {:referencias/Abbas - Ultra-High Performance Concrete\: Mechanical Performance, Durability, Sutainability and Implementation Challenges.pdf:PDF},
	owner     = {jamhour},
	publisher = {Springer Nature},
	timestamp = {2017.04.26},
	%url       = {http://link.springer.com/article/10.1007/s40069-016-0157-4},
	urlaccessdate={26 abr. 2017},
}

@Monography{Andrade,
	author    = {Andrade, Thalita Cristina di Masironi},
	title     = {Diretrizes para o dimensionamento da superestrutura de pontes de concretos armado com tabuleiro apoiado em duas vigas},
	school    = {Universidade Federal do Paran\'a},
	address   = {Curitiba},
	year      = {2010},
	pages     = {124},
	file      = {:referencias/Andrade - Diretrizes para o dimensionamento da superestrutura de pontes de concretos armado com tabuleiro apoiado em duas vigas.pdf:PDF},
	owner     = {jamhour},
	timestamp = {2017.04.25},
	%url       = {https://goo.gl/1ULTOC},
	urlaccessdate={25 abr. 2017},
}

@Manual{WBCSD,
	title        = {The Cement Sustainability Initiative},
	organization = {World Business Council for Sustainable Development’s (WBCSD) Cement Sustainability Initiative (CSI)},
	org-short    = {WBCSD},
	year         = {2012},
	%url          = {http://csiprogress2012.org/CSI_ProgressReport_Summary.pdf},
	owner        = {jamhour},
	timestamp    = {2017.05.10},
}

@Manual{NBR7187:2013,
	title        = {{NBR} 7187},
	organization = {Associa{\c c}\~ao Brasileira de Normas T\'ecnicas},
	org-short    = {ABNT},
	address      = {Rio de Janeiro},
	year         = {2003},
	subtitle     = {Projeto e execu{\c c}\~ao de pontes de concreto armado e de concreto protendido},
	month        = {nov.},
	owner        = {jamhour},
	timestamp    = {2017.05.10},
}

@Manual{NBR8681:2003,
	title        = {{NBR} 8681},
	organization = {Associa{\c c}\~ao Brasileira de Normas T\'ecnicas},
	org-short    = {ABNT},
	address      = {Rio de Janeiro},
	year         = {2003b},
	subtitle     = {A{\c c}\~oes e seguran{\c c}a nas estruturas - Procedimento},
	owner        = {jamhour},
	timestamp    = {2017.05.10},
}

@Manual{NBR7188:2013,
	title        = {{NBR} 7188},
	organization = {Associa{\c c}\~ao Brasileira de Normas T\'ecnicas},
	org-short    = {ABNT},
	address      = {Rio de Janeiro},
	year         = {2013},
	subtitle     = {Carga móvel em ponte rodovi\'aria e passarela},
	owner        = {jamhour},
	timestamp    = {2017.05.10},
}

@Manual{NBR6118:2014,
	title        = {{NBR} 6118},
	organization = {Associa{\c c}\~ao Brasileira de Normas T\'ecnicas},
	org-short    = {ABNT},
	address      = {Rio de Janeiro},
	year         = {2014},
	subtitle     = {Projeto de estruturas de concreto - Procedimento},
	owner        = {jamhour},
	timestamp    = {2017.05.10},
}

@Manual{AFGC2002,
	title         = {B\'etons fibr\'es \`a ultra-hautes performances: Recommandations provisoires},
	organization  = {Association Fran{\c c}aise de G\'enie Civil},
	org-short     = {AFGC},
	address       = {Fran{\c c}a},
	year          = {2002},
	%url           = {http://www.bsieiffage.com/files/live/sites/bsieiffage/files/Home-Page/Recommandations AFGC SETRA sur les BFUP janvier 2002.pdf},
	file          = {:referencias/AFGC - Bétons fibrés à ultra-hautes performances (2002).pdf:PDF},
	owner         = {jamhour},
	timestamp     = {2017.04.26},
	urlaccessdate = {26 abr. 2017},
}

@Manual{AFGC,
	title         = {B\'etons fibr\'es \`a ultra-hautes performances: Recommandations provisoires},
	organization  = {Association Fran{\c c}aise de G\'enie Civil},
	org-short     = {AFGC},
	address       = {Fran{\c c}a},
	year          = {2013},
	%url           = {http://www.afgc.asso.fr/index.php/publications/documents-scientifiques-techniques-edition-afgc/product/download/file_id-52},
	file          = {:referencias/AFGC - Bétons fibrés à ultra-hautes performances (2013).pdf:PDF},
	owner         = {jamhour},
	timestamp     = {2017.04.26},
	urlaccessdate = {26 abr. 2017},
}

@Manual{JSCE,
	title        = {Recommendations for design and construction of ultra high-strength fiber reinforced concrete structures (draft), JSCE Guidelines for Concrete No. 9 },
	organization = {Japan Society of Civil Engineers },
	org-short    = {JSCE},
	address      = {Jap\~ao},
	year         = {2006},
	owner        = {jamhour},
	timestamp    = {2017.04.26},
	%urlaccessdate= {26 abr. 2017},
}

@Manual{DNER,
	title        = {Manual de Projeto de Obras de Arte Especiais},
	organization = {Departamento Nacional de Estradas de Rodagem},
	org-short    = {DNER},
	address      = {Rio de Janeiro},
	year         = {1996},
	%url          = {http://ipr.dnit.gov.br/normas-e-manuais/manuais/documentos/698_manual_de_projeto_de_obras_de_arte_especiais.pdf},
	file         = {:referencias/DNER - Manual de Projeto de Obras de Arte Especiais.pdf:PDF},
	owner        = {jamhour},
	timestamp    = {2017.04.28},
	urlaccessdate= {28 abr. 2017},
}

@InProceedings{Carvalho_e_Duarte,
	author       = {Carvalho E. A. and Duarte, E. T.},
	title        = {Ensaios de flex\~ao: uma revis\~ao dos modelos matem\'aticos empregados na sua an\'alise},
	booktitle    = {Anais...},
	year         = {2000},
	volume       = {1},
	number       = {14},
	pages        = {9401-9408},
	address      = {Sao Pedro},
	organization = {Congresso Brasileiro de Engenharia e Ci\^encia dos materiais},
	publisher    = {Congresso Brasileiro de Engenharia e Ci\^encia dos materiais},
	file         = {:referencias/Carvalho e Duarte - Ensaios de flexão\: uma revisão dos modelos matemáticos empregados na sua análise.pdf:PDF},
	owner        = {jamhour},
	timestamp    = {2017.04.19},
	%url          = {https://www.ipen.br/biblioteca/cd/cbecimat/2000/Docs/TC107-029.pdf},
	urlaccessdate= {28 abr. 2017},
}

@Misc{CBI,
	author    = {{CBI Betonginstitutet}},
	title     = {Ultra high performance concrete (UHPC) – development, application, sustainability},
	year      = {2016},
	file      = {:referencias/CBI Betonginstitutet - Ultra high performance concrete (UHPC) – development, application, sustainability.pdf:PDF},
	owner     = {jamhour},
	timestamp = {2017.05.10},
	url       = {http://www.cbi.se/download.do?ug=Administrator&f=CBIdagen2016+Urs+Mueller+UHPC.pdf},
	urlaccessdate= {22 abr. 2017},
}

@Mastersthesis{Christ,
	author    = {Christ, Roberto},
	title     = {Desenvolvimento de comp\'ositos ciment\'icios avan{\c c}ados \`a base de p\'os reativos com misturas h\'ibridas de fibras e reduzido impacto ambiental},
	year      = {2014},
	address   = {S\~ao Leopoldo},
	pages     = {55},
	school    = {Universidade do Vale do Rio dos Sinos},
	%url       = {http://www.repositorio.jesuita.org.br/handle/UNISINOS/3207},
	file      = {:referencias/Christ - Desenvolvimento de compósitos cimentícios avançados à base de pós reativos [...].pdf:PDF},
	owner     = {jamhour},
	timestamp = {2017.04.19},
	urlaccessdate= {19 abr. 2017},
}

@Mastersthesis{Davila,
	author    = {Davila, Ricardo S.},
	title     = {Recommendations for the design of UHPC structures},
	year      = {2007},
	address   = {Boston},
	pages     = {125},
	school    = {Massachusetts Institute of Technology},
	%url       = {http://hdl.handle.net/1721.1/38939},
	file      = {:referencias/Davila - Recommendations for the design of UHPC structures.pdf:PDF},
	owner     = {jamhour},
	timestamp = {2017.04.19},
	urlaccessdate= {19 abr. 2017},
}

@Manual{DNIT,
	title        = {Norma DNIT 109/2009 – PRO},
	organization = {Departamento Nacional de Infraestrutura de Transportes},
	org-short    = {DNIT},
	address      = {Rio de Janeiro},
	year         = {2009},
	subtitle     = {Obras complementares – Seguran{\c c}a no tr\'afego rodovi\'ario - Projeto de barreiras de concreto – Procedimento},
	%url          = {http://ipr.dnit.gov.br/normas-e-manuais/normas/procedimento-pro/dnit109_2009_pro.pdf},
	file         = {:referencias/DNIT - NORMA DNIT 109-2009 - PRO.pdf:PDF},
	owner        = {jamhour},
	timestamp    = {2017.05.06},
	urlaccessdate= {05 maio 2017},
}

@Manual{EUAa,
	title        = {Design Guide for Precast UHPC Waffle Deck Panel System, including Connections},
	organization = {Estados Unidos da America},
	org-short    = {EUA},
	address      = {Ames, Iowa, EUA},
	year         = {2013a},
	%url          = {https://www.fhwa.dot.gov/hfl/partnerships/uhpc/hif13032/hif13032.pdf},
	author       = {Aaleti, Sriham and Petersen, Bradley and Sritharan, Sri},
	editor       = {U.S. Department Of Transportation - Federal Highway Administration},
	file         = {:referencias/Aaleti et al. - Design Guide for Precast UHPC Waffle Deck Panel System including Connections.pdf:PDF},
	owner        = {jamhour},
	timestamp    = {2017.04.19},
	urlaccessdate= {19 abr. 2017},
}

@TechReport{Russel_e_Graybeal,
	author       = {Russel, Henry G. and Graybeal, Benjamin A.},
	title        = {Ultra - High Performance Concrete: A State-of-the-Art Report for the Bridge Community},
	institution  = {U.S. Department Of Transportation - Federal Highway Administration},
	year         = {2013},
	address      = {Mclean, Virginia, EUA},
	file         = {:referencias/Russel e Graybeal - Ultra - High Performance Concrete\: A State-of-the-Art Report for the Bridge Community.pdf:PDF},
	org-short    = {EUA},
	organization = {Estados Unidos da America},
	owner        = {jamhour},
	timestamp    = {2017.04.19},
	%url          = {https://www.fhwa.dot.gov/publications/research/infrastructure/structures/hpc/13060/13060.pdf},
	urlaccessdate= {19 abr. 2017},
}

@Misc{FIU,
	author        = {Florida International University},
	title         = {Bridge Summary Sheet: 2008 – Jakway Park Bridge},
	__markedentry = {[jamhour:1]},
	owner         = {jamhour},
	timestamp     = {2017.05.02},
	%url           = {http://utcdb.fiu.edu/bridgeitem?id=198},
	urlaccessdate= {28 abr. 2017},
}

@Monography{Franca,
	author    = {Fran{\c c}a, Alda Luisa Veiga Ferreira},
	title     = {M\'etodos construtivos de obras de arte especiais: Estudo de caso em constru{\c c}\~ao em meio urbano},
	school    = {Universidade Federal do Rio de Janeiro},
	address   = {Rio de Janeiro},
	year      = {2011},
	pages     = {53},
	file      = {:referencias/França - Métodos construtivos de obras de arte especiais\: Estudo de caso em construção em meio urbano.pdf:PDF},
	owner     = {jamhour},
	timestamp = {2017.04.28},
	%url       = {http://monografias.poli.ufrj.br/monografias/monopoli10006962.pdf},
	urlaccessdate= {28 abr. 2017},
}

@Mastersthesis{Goldoni,
	author    = {Goldoni, Alessandro Graeff},
	title     = {Resist\^encia \`a flex\~ao e compress\~ao em geopol\'imero com incorpora{\c c}\~ao de nanotubos de carbono},
	year      = {2014},
	address   = {Florianópolis},
	pages     = {86},
	school    = {Universidade Federal de Santa Catarina},
	%url       = {https://repositorio.ufsc.br/handle/123456789/129279},
	file      = {:referencias/Goldoni - Resistência à flexão e compressão em geopolímero com incorporação de nanotubos de carbono.pdf:PDF},
	owner     = {jamhour},
	timestamp = {2017.04.19},
	urlaccessdate= {19 abr. 2017},
}

@Misc{Guerra,
	author    = {Guerra, Ruy Serafim de Teixeira},
	title     = {Abrams - A rela{\c c}\~ao \'agua/cimento},
	year      = {2013},
	file      = {:referencias/Guerra - Abrams\: relação água por cimento.pdf:PDF},
	owner     = {jamhour},
	timestamp = {2017.04.15},
	url       = {http://www.clubedoconcreto.com.br/2013/08/a-relacao-aguacimento-abrams.html},
	urlaccessdate= {15 abr. 2017},
}

@Misc{Stone,
	organization = {{Stone pr\'e-fabricados arquitet\^onicos Ltda.}},
	title        = {Ductal},
	year         = {2017},
	owner        = {jamhour},
	timestamp    = {2017.04.15},
	url          = {http://stone.ind.br/ductal.shtml},
	urlaccessdate= {15 abr. 2017},
}

@Misc{Litracon,
	organization = {{Litracon ltd.}},
	title        = {Litracon Classic},
	year         = {2017},
	owner        = {jamhour},
	timestamp    = {2017.04.15},
	%url          = {http://www.litracon.hu/en/products/litracon-blokk},
	urlaccessdate= {4 ago. 2017},
}

@Misc{Concremix,
	organization = {{Concremix}},
	title        = {Concreto Fibra},
	year         = {2017},
	owner        = {jamhour},
	timestamp    = {2017.04.15},
	%url          = {http://www.concremix.com.br/concreto-fibra.html},
	urlaccessdate= {4 ago. 2017},
}

@Misc{Condutor,
	organization = {{Inovação tecnológica}},
	title        = {Cimento condutor de eletricidade aquece edifícios},
	year         = {2017},
	owner        = {jamhour},
	timestamp    = {2017.04.15},
	%url          = {http://www.inovacaotecnologica.com.br/noticias/noticia.php?artigo=cimento-condutor-eletricidade&id=010160130802#.WYTCdquQz_g},
	urlaccessdate= {4 ago. 2017},
}

@Article{Gunes,
	author    = {Oguz Gunes and Seda Yesilmen and Burcu Gunes and Franz-Joseph Ulm},
	title     = {Use of {UHPC} in Bridge Structures: Material Modeling and Design},
	journal   = {Advances in Materials Science and Engineering},
	year      = {2012},
	volume    = {2012},
	pages     = {1--12},
	doi       = {10.1155/2012/319285},
	file      = {:referencias/Gunes et al. - Use of UHPC in Bridge Structures - Material Modeling and Design.pdf:PDF},
	owner     = {jamhour},
	publisher = {Hindawi Publishing Corporation},
	timestamp = {2017.04.27},
}

@Article{Wille,
	author    = {Wille, Kay and Naaman, Antoine E. and {Parra-Montesinos}, Gustavo J.},
	title     = {Ultra-High Performance Concrete with Compressive Strength Exceeding 150 MPa (22 ksi): A Simpler Way},
	journal   = {ACI Materials Journal},
	year      = {2011},
	volume    = {108},
	pages     = {46-54},
	file      = {:referencias/Wille et. al - Ultra-High Performance Concrete with Compressive Strength Exceeding 150 MPa (22 ksi): A Simpler Way.pdf:PDF},
	owner     = {jamhour},
	publisher = {American Concrete Institute},
	timestamp = {2017.04.27},
}

@Misc{Keierleber_email,
	author    = {Keierleber, Brian},
	title     = {{UHPC} Research},
	month     = {abr.},
	year      = {2017},
	note      = {[mensagem pessoal] Mensagem recebida por: <douglas.ademoura [at] gmail.com> em: 27 abr. 2017.},
	owner     = {jamhour},
	file         = {:referencias/Keierleber - Mensagem pessoal (ACEC Ultra High Performance Concrete).pdf:PDF},
	timestamp = {2017.05.10},
}

@InProceedings{Keierleber,
	author       = {Keierleber, Brian and Phares, Brent and Bierwagen, Dean and Couture, Isaac and Fanous, Fouad},
	title        = {Design of Buchanan County, Iowa, Bridge Using Ultra High Performance Concrete and PI Girders},
	booktitle    = {Proceedings},
	year         = {2007},
	volume       = {2007},
	pages        = {1-11},
	address      = {Ames, Iowa, EUA},
	organization = {Mid-continent Transportation Research Symposium},
	file         = {:referencias/Keierbeler et al. - Design of Buchanan County, Iowa, Bridge Using Ultra High Performance Concrete and PI Girders.pdf:PDF},
	owner        = {jamhour},
	timestamp    = {2017.04.07},
}

@Book{Leonhardt,
	title     = {Constru{\c c}\~oes de Concreto - Vol.6},
	publisher = {INTERCI\^ENCIA},
	year      = {1979},
	author    = {Leonhardt, Fritz},
	address   = {Rio de Janeiro},
	isbn      = {9788571933378},
	file      = {:referencias/Leonhardt - Construções de Concreto.pdf:PDF},
	owner     = {jamhour},
	timestamp = {2017.05.10},
	%url       = {https://www.amazon.com/Construcoes-Concreto-Vol-6-F-Lronhardt/dp/8571933375?SubscriptionId=0JYN1NVW651KCA56C102&tag=techkie-20&linkCode=xm2&camp=2025&creative=165953&creativeASIN=8571933375},
}

@Book{Carneiro,
	title     = {Dosagem de argamassas atrav\'es de curvas granulom\'etricas},
	publisher = {EPUSP},
	year      = {1999},
	author    = {Carneiro, Arnaldo Manoel Pereira and Cincotto, Maria Alba},
	address   = {São Paulo},
	isbn      = {01039830},
	file      = {:referencias/Carneiro e Cincotto - Dosagem de argamassas através de curvas granulométricas.pdf:PDF},
	owner     = {jamhour},
	%url       = {http://www.pcc.usp.br/files/text/publications/BT_00237.pdf},
	urlaccessdate= {26 jul. 2017},
	timestamp = {2017.05.10},
}

@Book{Neville2,
	title     = {Tecnologia do Concreto},
	publisher = {Bookman},
	year      = {2010},
	author    = {Neville, A. M. and Brooks, J. J.},
	address   = {São Paulo},
	isbn      = {9788582600719},
	owner     = {jamhour},
	timestamp = {2017.05.10},
}

@Article{picchi,
	author   = {Fl\'avio Augusto Picchi},
	title    = {O desperd\'icio impera na constru{\c c}\~ao civil},
	journal  = {O Estado de S\~ao Paulo},
	year     = {1993},
	month    = {maio},
	note     = {Caderno de Im\'oveis},
	address  = {S\~ao Paulo},
	day      = {16},
	file     = {:referencias/Picchi -  O desperdício impera na construção civil.pdf:PDF},
	subtitle = {Somente com a ado{\c c}\~ao de sistemas de controle de qualidade as empresas poder\~ao recuperar o atraso em rela{\c c}\~ao a outros setores},
}

@Book{Pfeil,
	title     = {Pontes em concreto armado},
	publisher = {Livros T\'ecnicos e Cient\'ificos},
	year      = {1979},
	author    = {Pfeil, Walter},
	isbn      = {8521603061},
	file      = {:referencias/Pfeil - Pontes de Concreto Armado.pdf:PDF},
	owner     = {jamhour},
	timestamp = {2017.04.26},
}

@Mastersthesis{Pretti,
	author    = {Pretti, Bruni de Morais},
	title     = {Pontes em p\'orticos de pequenos v\~aos com superestrutura formada de elementos pré-moldados: Estudo de caso},
	year      = {1995},
	address   = {S\~ao Carlos},
	pages     = {235},
	school    = {Universidade de S\~ao Paulo},
	%url       = {http://site.abcic.org.br/pdf/PCD15_Pretti.pdf},
	file      = {:referencias/Pretti - Pontes em pórtico de pequenos vãos com superestrutura formada de elementos pré-moldados\: estudo de caso.pdf:PDF},
	owner     = {jamhour},
	timestamp = {2017.04.26},
	urlaccessdate= {26 abr. 2017},
}

@InProceedings{Racky,
	author        = {Racky, Peter},
	title         = {Cost-effectiveness and sustainability of {UHPC}},
	booktitle     = {Proceedings\ldots},
	year          = {2004},
	number        = {1},
	pages         = {797-805},
	address       = {Alemanha},
	organization  = {HiPerMat 2008},
	publisher     = {Kassel University Press},
	file          = {:referencias/Proceedings of HiPerMat 2004.pdf:PDF},
	owner         = {jamhour},
	timestamp     = {2017.04.26},
	%url           = {http://www.uni-kassel.de/upress/online/frei/978-3-89958-086-0.volltext.frei.pdf},
	urlaccessdate = {26 abr. 2017},
}

@TechReport{Rouse,
	author      = {Rouse, Jon \"Matt\" and Wipf, Terry and Phares, Brent and Fanous, Fouad and Berg, Owen},
	title       = {Design, Construction, and Field Testing of an Ultra High Performance Concrete Pi-Girder Bridge},
	institution = {Iowa State University},
	year        = {2011},
	address     = {Ames, Iowa, EUA},
	file        = {:referencias/Rouse et al. - Design, Construction, and Field Testing of an Ultra High Performance Concrete Pi-Girder Bridge.pdf:PDF},
	owner       = {jamhour},
	timestamp   = {2017.05.10},
	%url         = {http://www.intrans.iastate.edu/reports/tr-574_pi-girder_bridge_w_cvr.pdf},
	urlaccessdate= {10 maio 2017},
}

@Book{Rusch,
	title     = {Berechnugstafeln f\"ur rechtwinklige Fahrbahnplatten von Stra{\textbeta}enbr\"ucken},
	publisher = {Verlag von Wilhelm Ernst \& Sohn},
	year      = {1965},
	author    = {R\"usch, Hubert},
	address   = {Berlim},
	file      = {:referencias/Rüsch - Tabelas para o cálculo de lajes de ponte.pdf:PDF},
	owner     = {jamhour},
	timestamp = {2017.05.10},
}

@Monography{Scaringi,
	author    = {Scaringi, Denis},
	title     = {Comportamento em flex\~ao a quatro pontos de tubos comp\'ositos produzidos pela t\'ecnica de enrolamento filamentar},
	school    = {Universidade Federal do Rio de Janeiro},
	address   = {Rio de Janeiro},
	year      = {2010},
	pages     = {52},
	file      = {:referencias/Scaringi - Comportamento em flexão a quatro pontos de tubos compósitos produzidos pela técnica de enrolamento filamentar.pdf:PDF},
	owner     = {jamhour},
	timestamp = {2017.04.19},
	%url       = {http://monografias.poli.ufrj.br/monografias/monopoli10003462.pdf},
	urlaccessdate= {19 abr. 2017},
}

@InProceedings{Serapiao_e_Khouri,
	author       = {SerapiÃo, Mariana Silva and Khouri, Gustavo Elias},
	title        = {Desenvolvimento de aplicativo para avalia{\c c}\~ao dos esfor{\c c}os em lajes},
	booktitle    = {Anais...},
	year         = {2015},
	number       = {15},
	pages        = {1-11},
	address      = {Ribeir\~ao Preto},
	organization = {Congresso Nacional de Inicia{\c c}\~ao Cient\'ifica},
	publisher    = {Congresso Nacional de Inicia{\c c}\~ao Cient\'ifica},
	file         = {:referencias/Serapião e Khouri - Desenvolvimento de aplicativo para avaliação dos esforços em lajes.pdf:PDF},
	owner        = {jamhour},
	timestamp    = {2017.05.07},
	%url          = {http://conic-semesp.org.br/anais/files/2015/trabalho-1000020667.pdf},
	urlaccessdate= {01 maio 2017},
}

@InProceedings{Silva,
	author       = {Silva, Pauline Fonseca and Brito, Marcus Alexandre Noronha de and Santos, Iviane Cunha e and Silva, Ramon Saleno Yure Costa and Sobrinho, Bruno Emidio},
	title        = {Efeitos da Mudan{\c c}a da {NBR} 7188:2013 nos Projetos de Pontes. Estudo de Caso: Projeto de Recupera{\c c}\~ao da Ponte sobre o Rio {Correias} na {BR} 101/{SC}},
	booktitle    = {Anais...},
	year         = {2014},
	number       = {7},
	pages        = {1-8},
	address      = {Rio de Janeiro},
	organization = {Congresso Brasileiro de Pontes e Estruturas},
	publisher    = {Congresso Brasileiro de Pontes e Estruturas},
	file         = {:referencias/Silva et al. - Efeitos da Mudança da NBR 7188\:2013 nos Projetos de Pontes [...].pdf:PDF},
	owner        = {jamhour},
	timestamp    = {2017.05.07},
	%url          = {http://www.abpe.org.br/trabalhos/trab_100.pdf},
	urlaccessdate= {01 maio 2017},
}

@InBook{Resplendino,
	chapter   = {Introduction: What is a UHPFRC?},
	pages     = {3-14},
	title     = {Designing and Building with {UHPFRC}: State of the Art and Development},
	publisher = {ISTE LTD},
	year      = {2011},
	author    = {Resplendino, Jacques},
	editor    = {Resplendino, Jacques and Toulemonde, Francois},
	isbn      = {1848212712},
	date      = {2011-01-11},
	ean       = {9781848212718},
	file      = {:referencias/Resplendino e  Toulemonde - Designing and Building with UHPFRC\: State of the Art and Development.pdf:PDF},
	owner     = {jamhour},
	pagetotal = {814},
	timestamp = {2017.05.10},
	%url       = {http://www.ebook.de/de/product/13994029/jacques_resplendino_francois_toulemonde_designing_and_building_with_uhpfrc_state_of_the_art_and_development.html},
	urlaccessdate= {10 maio 2017},
}

@InBook{Flint,
	chapter   = {Ant Colony Optimization for Ultra High Performance Concrete Structures},
	pages     = {602-617},
	title     = {Designing and Building with {UHPFRC}: State of the Art and Development},
	publisher = {ISTE LTD},
	year      = {2011},
	author    = {Flint, Martin and Gr\"unewal, Steffen and Coenders, Jeroen},
	editor    = {Resplendino, Jacques and Toulemonde, Francois},
	isbn      = {1848212712},
	date      = {2011-01-11},
	ean       = {9781848212718},
	file      = {:referencias/Resplendino e  Toulemonde - Designing and Building with UHPFRC\: State of the Art and Development.pdf:PDF},
	owner     = {jamhour},
	pagetotal = {814},
	timestamp = {2017.05.10},
	%url       = {http://www.ebook.de/de/product/13994029/jacques_resplendino_francois_toulemonde_designing_and_building_with_uhpfrc_state_of_the_art_and_development.html},
	urlaccessdate= {10 maio 2017},
}

@InProceedings{Tang,
	author        = {Tang, {Man-chung}},
	title         = {High Performance Concrete – Past, Present and future},
	booktitle     = {Proceedings...},
	year          = {2004},
	number        = {1},
	pages         = {3-9},
	address       = {Kassel},
	organization  = {HiPerMat 2004},
	publisher     = {Kassel University Press},
	file          = {:referencias/Proceedings of HiPerMat 2004.pdf:PDF},
	owner         = {jamhour},
	timestamp     = {2017.04.26},
	%url           = {http://www.uni-kassel.de/upress/online/frei/978-3-89958-086-0.volltext.frei.pdf},
	urlaccessdate = {26 abr. 2017},
}

@InBook{Troitsky,
	chapter   = {1},
	pages     = {28-47},
	title     = {Fundamentals: Conceptual Bridge Design},
	publisher = {CRC Press, LLC},
	year      = {2000},
	author    = {Troitsky, M. S.},
	editor    = {Chen, W. F. and Duan, L.},
	address   = {Boca Raton},
	file      = {:referencias/Bridge Engineering Handbook.pdf:PDF},
	owner     = {jamhour},
	timestamp = {2017.05.10},
	urlaccessdate= {10 maio 2017},
}

@Book{Tutikian2,
	author       = {Tutikian, Bernardo Fonseca and Isaia, Geraldo Chechella and Helene, Paulo},
	editor       = {Isaia, Geraldo Chechella},
	title        = {Concreto de Alto e Ultra-Alto Desempenho},
	booktitle    = {Concreto: ciência e tecnologia},
	volume       = {2},
	year         = {2011},
	number       = {53},
	address      = {[S.l.]},
	organization = {Congresso Brasileiro do Concreto},
	publisher    = {Congresso Brasileiro do Concreto},
	file         = {:referencias/Tutikian et al. - Concreto de Alto e Ultra-Alto Desempenho.pdf:PDF},
	owner        = {jamhour},
	timestamp    = {2017.05.10},
	%url          = {http://www.phd.eng.br/wp-content/uploads/2014/07/lc53.pdf},
	urlaccessdate= {26 abr. 2017},
}

@Book{Cholfe,
	author       = {Cholfe, Luiz and Bonilha, Luciana},
	title    = {Concreto protendido: teoria e prática},
	year         = {2015},
	address      = {São Paulo},
	publisher    = {Editora Pini},
	owner        = {jamhour},
}

@InCollection{Tutikian,
	author       = {Tutikian, Bernardo Fonseca and Isaia, Geraldo Chechella and Helene, Paulo},
	editor       = {Isaia, Geraldo Chechella},
	title        = {Concreto de Alto e Ultra-Alto Desempenho},
	booktitle    = {Concreto: ciência e tecnologia},
	volume       = {2},
	year         = {2011},
	address      = {São Paulo},
	publisher    = {IBRACON},
	pages        = {1283-1325},
	file         = {:referencias/Tutikian et al. - Concreto de Alto e Ultra-Alto Desempenho.pdf:PDF},
	owner        = {jamhour},
	timestamp    = {2017.05.10},
	%url          = {http://www.phd.eng.br/wp-content/uploads/2014/07/lc53.pdf},
	urlaccessdate= {26 abr. 2017},
}

@InCollection{Isaia,
	author       = {Isaia, Geraldo Chechella},
	editor       = {Isaia, Geraldo Chechella},
	title        = {A evolução do concreto estrutural},
	booktitle    = {Concreto: ciência e tecnologia},
	volume       = {1},
	year         = {2011},
	address      = {São Paulo},
	publisher    = {IBRACON},
	pages        = {1-55},
	file         = {:referencias/Tutikian et al. - Concreto de Alto e Ultra-Alto Desempenho.pdf:PDF},
	owner        = {jamhour},
	timestamp    = {2017.05.10},
}

@PhdThesis{Vanderlei,
	author    = {Vanderlei, Romel Dias},
	title     = {An\'alise experimental do concreto de p\'os reativos: dosagem e propriedades mec\^anicas},
	school    = {Universidade de S\~ao Paulo},
	year      = {2004},
	address   = {S\~ao Carlos},
	file      = {:referencias/Vanderlei - Análise experimental do concreto de pós reativos\: dosagem e propriedades mecânicas.pdf:PDF},
	owner     = {jamhour},
	timestamp = {2017.04.19},
	%url       = {http://www.teses.usp.br/teses/disponiveis/18/18134/tde-23082006-095043/pt-br.php},
	urlaccessdate= {19 abr. 2017},
}

@InCollection{Vanderlei_e_Giongo,
	author    = {Vanderlei, Romel Dias and Giongo, Jos\'e Samuel},
	title     = {An\'alise experimental do concreto de p\'os reativos: dosagem e propriedades mec\^anicas},
	booktitle = {Caderno de Engenharia de Estruturas},
	publisher = {Universidade de S\~ao Paulo},
	year      = {2011},
	volume    = {8},
	pages     = {115-148},
	address   = {S\~ao Carlos},
	file      = {:referencias/Vanderlei e Giongo - Análise experimental do concreto de pós reativos - dosagem e propriedades mecânicas.pdf:PDF},
	owner     = {jamhour},
	timestamp = {2017.05.10},
	%url       = {http://www.set.eesc.usp.br/cadernos/nova_versao/pdf/cee33_115.pdf},
	urlaccessdate= {10 abr. 2017},
}

@Hidden{Kei,
	author    = {Keierbeler},
	year      = {2008},
	owner     = {jamhour},
	timestamp = {2017.05.11},
}

@Hidden{Tuan,
	author    = {Tuan},
	year      = {2011},
	owner     = {jamhour},
	timestamp = {2017.05.11},
}

@Hidden{Richard_e_Cheyrezi,
	author    = {Cheyrezi and Richard},
	year      = {1995},
	owner     = {jamhour},
	timestamp = {2017.05.11},
}

@Hidden{Fuller,
	author    = {F\"uller},
	year      = {1907},
	owner     = {jamhour},
	timestamp = {2017.05.11},
}

@Hidden{Mason,
	author    = {Mason},
	year      = {1977},
	owner     = {jamhour},
	timestamp = {2017.05.11},
}

@Hidden{Graybeal,
	author    = {Graybeal},
	year      = {2009},
	owner     = {jamhour},
	timestamp = {2017.05.11},
}

@Hidden{Cohen,
	author    = {Cohen},
	year      = {1988},
	owner     = {jamhour},
	timestamp = {2017.05.11},
}

@Hidden{Mali,
	author    = {Malinowski and Garfinkel},
	year      = {1991},
	owner     = {jamhour},
	timestamp = {2017.05.11},
}



@Hidden{Koui,
	author    = {Koui and Ftikos},
	year      = {1998},
	owner     = {jamhour},
	timestamp = {2017.05.11},
}

@Article{WIpf_et_al,
	author        = {Wipf, Terry and Sritharan, Sri and Abu-Hawashi, Ahmad and Phares, Brent and Bierwagen, Dean},
	title         = {Iowa’s ultra-high performance concrete implementation},
	journal       = {Research - Bureau of Research and Technology},
	year          = {2011},
	month         = {abril},
	__markedentry = {[jamhour:5]},
	file          = {:referencias/Wipf et al. - Iowa’s ultra-high performance concrete implementation.pdf:PDF},
	owner         = {jamhour},
	timestamp     = {2017.05.11},
	%url           = {http://utcdb.fiu.edu/April\%202011\%20Iowa\%20DOT\%20Research\%20News.pdf},
	urlaccessdate= {11 maio 2017},
}

@Article{Keierbeler_et_al,
	author    = {Keierleber, Brian and Bierwagen, Dean and Wipf, Terry},
	title     = {FHWA, Iowa optimize pi girder},
	journal   = {Aspire - The Concrete Bridge Magazine},
	year      = {2010},
	volume    = {4},
	number    = {1},
	pages     = {24-27},
	month     = {Dezembro},
	issn      = {1935-2093},
	editor    = {John S. Dick},
	comment   = {URL direta para o artigo: http://utcdb.fiu.edu/Jakway\%20Park\%20Article\%20-\%20Winter\%202010\%20ASPIRE.pdf},
	file      = {:referencias/Keierbeler et al. - FHWA, Iowa optimize pi girder.pdf:PDF},
	owner     = {jamhour},
	timestamp = {2017.05.11},
	%url       = {http://www.aspirebridge.com/magazine/2010Winter/ASPIRE_Winter10.pdf},
	urlaccessdate= {11 maio 2017},
}

@Book{Aitcin,
	author    = {A\"itcin},
	title     = {Concreto de alto desempenho},
	publisher = {Editora Pini},
	address   = {S\~ao Paulo},
	year      = {2000},
	owner     = {jamhour},
	timestamp = {2017.05.11},
}

@Hidden{Walraven,
	author    = {Walraven},
	year      = {2000},
	owner     = {jamhour},
	timestamp = {2017.05.11},
}

@Patent{Durst,
	nationality = {US},
	number      = {US7744690 B2},
	year        = {2010},
	yearfiled   = {2006},
	author      = {Bartley P. Durst and Billy D. Neeley and Edward F. O'Neil and Toney K. CumminsCharles},
	title       = {Blast-resistant concrete also suitable for limiting penetration of ballistic fragments},
	type        = {Patent},
	day         = {29},
	dayfiled    = {28},
	month       = {jun.},
	monthfiled  = {mar.},
	%url         = {https://www.lens.org/lens/patent/US_7744690_B2},
	abstract    = {Concrete with improved strength and toughness. A uniform mix of first constituents comprises: cement of Blaine fineness of 280-360 m2/kg; sand at a mass ratio of 0.75-1.25 of the cement; silica fume at a mass ratio of 0.15-0.4 of the cement; silica flour at a mass ratio of 0.15-0.3 of the cement; and microinclusions at a mass ratio up to 0.35 of the cement. This is then mixed with a blend of second constituents comprising a specified amount of an HRWRA and an amount of water at a mass ratio of 0.2-0.35 of the cement. This is mixed sufficiently to form a uniform cement-based paste to which an amount of macrofibers at a mass ratio of up to 0.35 of the cement is added to yield a uniform product. Nanoinclusions may be added to improve crack resistance and increase density.},
}

@Patent{Gong,
	nationality = {US},
	number      = {US20120152153 A1},
	year        = {2012},
	yearfiled   = {2011},
	author      = {Weiliang Gong and Werner Lutze and Ian Pegg},
	title       = {Geopolymer composite for ultra-high performance concrete},
	day         = {21},
	dayfiled    = {16},
	month       = {jun.},
	monthfiled  = {nov.},
	%url         = {http://www.google.com.br/patents/US20120152153A1},
	abstract    = {A geopolymer composite ultra high performance concrete (GUHPC), and methods of making the same, are provided herein, the GUHPC comprising: (a) a binder comprising one or more selected from the group consisting of reactive aluminosilicate and reactive alkali-earth aluminosilicate; (b) an alkali activator comprising an aqueous solution of metal hydroxide and metal silicate; and (c) one or more aggregate.},
	owner       = {jamhour},
	timestamp   = {2017.05.11},
}

@Patent{Dura,
	nationality = {MY},
	number      = {MY-141706-A},
	year        = {2010},
	yearfiled   = {2006},
	author      = {Voo Yen Lei},
	title       = {Ultra high performance cementitious composite},
	day         = {15},
	dayfiled    = {18},
	month       = {mai.},
	monthfiled  = {jun.},
	%url         = {http://www.dura.com.my/about-us},
	abstract    = {},
	owner       = {jamhour},
	timestamp   = {2017.05.11},
}

@Article{Soliman,
	author    = {Soliman, N. A. and Tagnit-Hamou, A.},
	title     = {Development of ultra-high-performance concrete using glass powder {\textendash} Towards ecofriendly concrete},
	journal   = {Construction and Building Materials},
	year      = {2016},
	volume    = {125},
	pages     = {600--612},
	month     = {oct},
	doi       = {10.1016/j.conbuildmat.2016.08.073},
	owner     = {jamhour},
	publisher = {Elsevier {BV}},
	timestamp = {2017.05.11},
}

@Monography{Hoss,
	author        = {Hoss, Cristiano},
	title         = {Projeto de uma ponte em arco inferior em concreto},
	school        = {Universidade Federal do Rio Grande do Sul},
	address       = {Porto Alegre},
	year          = {2014},
	pages         = {144},
	file          = {:referencias/Hoss - Projeto de uma ponte em arco inferior em concreto.pdf:PDF},
	owner         = {jamhour},
	timestamp     = {2017.05.13},
	%url           = {https://www.lume.ufrgs.br/bitstream/handle/10183/110119/000951912.pdf?sequence=1},
	urlaccessdate = {25 abr. 2017},
}

@Article{Aitcin_sher,
	author    = {A\"itcin, Pierre Claude and Lachemi, Mohamed and Adeline, R\'egis and Richard, Pierre},
	title     = {The Sherbrooke Reactive Powder Concrete Footbridge},
	journal   = {Structural Engineering International},
	year      = {1998},
	volume    = {8},
	number    = {2},
	pages     = {140-144},
	doi       = {10.2749/101686698780489243},
	file      = {:bibliografia/Aïtcin - The Sherbrooke Reactive Powder Concrete Footbridge.pdf:PDF},
	owner     = {jamhour},
	timestamp = {2017.07.20},
}

@Article{lee,
	author    = {Behloul, Moulond and Lee, Kicul C.},
	title     = {Ductal Seonyu footbridge},
	journal   = {Structural Concrete},
	year      = {2003},
	volume    = {4},
	number    = {4},
	pages     = {195-201},
	month     = {12},
	note      = {Thomas Telford Ltd.. http://dx.doi.org/10.1680/stco.2003.4.4.195},
	doi       = {10.1680/stco.2003.4.4.195},
	file      = {:bibliografia/Behloul e Lee - Ductal Seonyu footbridge.pdf:PDF},
	owner     = {jamhour},
	timestamp = {2017.07.20},
}

@InProceedings{Palma,
	author       = {Palma, Maycon Cezar and Consoli, Osmar Jo\~ao and Larcher, Jos\'e Valter Monteiro and Gealh, Juc\'elia Kuchla Vieira},
	title        = {Cura \'umida x cura t\'ermica aplicadas a blocos de concreto - An\'alise da resist\^encia à compressão},
	booktitle    = {Anais...},
	year         = {2013},
	address      = {Sao Pedro},
	organization = {IX Encontro Tecnológico da Engenharia Civil e Arquitetura},
	publisher    = {ENTECA 2013},
	file         = {:bibliografia/Palma - Cura úmida x cura térmica aplicada a blocos de concreto - análise da resistência à compressão.pdf:PDF},
	owner        = {jamhour},
	timestamp    = {2017.07.29},
	%url          = {http://www.dec.uem.br/eventos/enteca_2013/Artigos/CTM/1196.pdf},
}

@Hidden{Neville,
	author    = {Neville},
	year      = {1997},
	owner     = {jamhour},
	timestamp = {2017.05.11},
}

@Hidden{Camarini,
	author    = {Camarini},
	year      = {1995},
	owner     = {jamhour},
	timestamp = {2017.05.11},
}

@InProceedings{Stengel,
	author        = {Stengel, Thorsten and Schie{\textbeta}l, Peter},
	title         = {Sustainable Construction with {UHPC} – from Life Cycle Inventory Data Collection to Environmental Impact Assessment},
	booktitle     = {Proceedings\ldots},
	year          = {2008},
	number        = {1},
	pages         = {461-468},
	address       = {Alemanha},
	organization  = {HiPerMat 2008},
	publisher     = {Kassel University Press},
	file          = {:referencias/Proceedings of HiPerMat 2008.pdf:PDF},
	owner         = {jamhour},
	timestamp     = {2017.04.26},
	%url           = {http://www.uni-kassel.de/upress/online/frei/978-3-89958-376-2.volltext.frei.pdf},
	urlaccessdate = {26 abr. 2017},
}

@InProceedings{Lopez,
	author        = {L\'opez, Juan \'Angel and Camacho, Esteban and Ros, Pedro Serna and Gregori, Juan Navarro},
	title         = {Structural Design and Preliminary Calculations of a UHPFRC Truss Footbridge},
	booktitle     = {Proceedings\ldots},
	year          = {2012},
	number        = {1},
	pages         = {897-904},
	address       = {Alemanha},
	organization  = {HiPerMat 2012},
	publisher     = {Kassel University Press},
	file          = {:referencias/Proceedings of HiPerMat 2012.pdf:PDF},
	owner         = {jamhour},
	timestamp     = {2017.04.26},
	%url           = {http://www.uni-kassel.de/upress/online/frei/978-3-86219-264-9.volltext.frei.pdf},
	urlaccessdate = {26 abr. 2017},
}

@InProceedings{Piotro,
	author        = {Piotrowski, Siemon and Schmidt, Michael},
	title         = {Life Cycle Cost Analysis of a UHPC-Bridge on Example of two Bridge Refurbishment Designs},
	booktitle     = {Proceedings\ldots},
	year          = {2012},
	number        = {1},
	pages         = {957-964},
	address       = {Alemanha},
	organization  = {HiPerMat 2012},
	publisher     = {Kassel University Press},
	file          = {:referencias/Proceedings of HiPerMat 2012.pdf:PDF},
	owner         = {jamhour},
	timestamp     = {2017.04.26},
	%url           = {http://www.uni-kassel.de/upress/online/frei/978-3-86219-264-9.volltext.frei.pdf},
	urlaccessdate = {26 abr. 2017},
}

@Article{Gu,
	author    = {Gu, ChunPing and Ye, Guang and Sun, Wei},
	title     = {Ultrahigh performance concrete-properties, applications and perspectives},
	journal   = {Science China Technological Sciences},
	year      = {2015},
	volume    = {58},
	number    = {4},
	pages     = {587-599},
	month     = apr,
	doi       = {10.1007/s11431-015-5769-4},
	owner     = {jamhour},
	timestamp = {2017.08.02},
	%url       = {https://www.researchgate.net/publication/274097938_Ultrahigh_performance_concrete-properties_applications_and_perspectives?enrichId=rgreq-079713e6c97fa07e18ed00332823f943-XXX&enrichSource=Y292ZXJQYWdlOzI3NDA5NzkzODtBUzoyMzQ0NTcwNzI0MDI0MzJAMTQzMjkxMDMzMTAyOA%3D%3D&el=1_x_2&_esc=publicationCoverPdf},
	urlaccessdate = {1 ago. 2017},
}

@misc{RDC,
	title={Project and technical assitance for the Oveja’s ravine footbridge (Alicante)},
	author={{Research and Development Concretes}},
	url={https://rdconcretes.wordpress.com/project-and-technical-assitance-for-the-ovejas-ravine-footbridge-alicante/},
	year={2014},
	urlaccessdate = {1 ago. 2017},
}

@misc{jonkers2014healing,
	title={Healing agent for self-healing cementious material},
	author={Jonkers, H.M.},
	url={https://www.google.com/patents/US8911549},
	year={2014},
	month=dec # "~16",
	publisher={Google Patents},
	note={US Patent 8,911,549}
}

@Book{chazelet,
	title     = {Joseph Monier et la naissance du ciment arme},
	publisher = {Editions du Linteau},
	year      = {2001},
	author    = {Bosch, J.-L et al.},
	address   = {Paris},
	owner     = {jamhour},
	timestamp = {2017.05.10},
}

@Comment{jabref-meta: databaseType:bibtex;}

@Comment{jabref-entrytype: Hidden: req[author;year] opt[]}

@Comment{jabref-entrytype: Monography: req[author;title;school;address;year;pages] opt[]}